<record xmlns="http://www.loc.gov/MARC21/slim" xmlns:xsi="http://www.w3.org/2001/XMLSchema-instance" xsi:schemaLocation="http://www.loc.gov/MARC21/slim http://www.loc.gov/standards/marcxml/schema/MARC21slim.xsd"><leader>     nam a22        4500</leader><controlfield tag="001">3072148</controlfield><controlfield tag="003">NNC</controlfield><controlfield tag="006">m        d        </controlfield><controlfield tag="007">cr cn |||m|||a</controlfield><controlfield tag="008">150313s1948    ua bj   ob    000 0 arard</controlfield><datafield ind1=" " ind2=" " tag="040"><subfield code="a">NNU</subfield><subfield code="b">eng</subfield><subfield code="e">rda</subfield><subfield code="c">NNU</subfield></datafield><datafield ind1=" " ind2="4" tag="050"><subfield code="a">DT95.5</subfield><subfield code="b">.M8</subfield></datafield><datafield ind1="1" ind2=" " tag="100"><subfield code="6">880-01</subfield><subfield code="a">Musharrafah, &#699;At&#803;i&#772;yah Mus&#803;t&#803;afa&#769;.</subfield></datafield><datafield ind1="1" ind2="0" tag="245"><subfield code="6">880-02</subfield><subfield code="a">Nuz&#803;um al-h&#803;ukm bi-Mis&#803;r fi&#772; &#699;as&#803;r al-Fa&#772;t&#803;imi&#772;yi&#772;n (358-567 H. /968-1711 m.) /</subfield><subfield code="c">ta&#700;li&#772;f &#699;At&#803;i&#772;yah Mus&#803;t&#803;afa&#769; Musharrafah.</subfield></datafield><datafield ind1=" " ind2=" " tag="250"><subfield code="6">880-03</subfield><subfield code="a">al-T&#803;ab&#699;ah 1.</subfield></datafield><datafield ind1=" " ind2=" " tag="260"><subfield code="6">880-04</subfield><subfield code="a">Mis&#803;r :</subfield><subfield code="b">Da&#772;r al-Fikr al-&#699;Arabi&#772;,</subfield><subfield code="c">[1948]</subfield></datafield><datafield ind1=" " ind2=" " tag="300"><subfield code="a">online resource (436 pages) :</subfield><subfield code="b">malps, genealogical tables</subfield></datafield><datafield ind1=" " ind2=" " tag="336"><subfield code="a">text</subfield><subfield code="2">rdacontent</subfield></datafield><datafield ind1=" " ind2=" " tag="337"><subfield code="a">computer</subfield><subfield code="2">rdamedia</subfield></datafield><datafield ind1=" " ind2=" " tag="338"><subfield code="a">online resource</subfield><subfield code="2">rdacarrier</subfield></datafield><datafield ind1=" " ind2=" " tag="500"><subfield code="a">Part of the Arabic Collections Online (ACO) project, contributed by Columbia University Libraries.</subfield></datafield><datafield ind1=" " ind2=" " tag="504"><subfield code="a">Includes bibliographical references (pages 418-434).</subfield></datafield><datafield ind1=" " ind2=" " tag="533"><subfield code="a">Electronic reproduction.</subfield><subfield code="b">New York, N.Y. :</subfield><subfield code="c">New York University,</subfield><subfield code="d">2015.</subfield><subfield code="5">NNU</subfield></datafield><datafield ind1=" " ind2="0" tag="650"><subfield code="a">Fatimites.</subfield></datafield><datafield ind1=" " ind2="7" tag="650"><subfield code="a">Fatimites.</subfield><subfield code="2">fast</subfield><subfield code="0">(OCoLC)fst00921954</subfield></datafield><datafield ind1="2" ind2=" " tag="710"><subfield code="a">Columbia University.</subfield><subfield code="b">Libraries.</subfield></datafield><datafield ind1="0" ind2=" " tag="730"><subfield code="a">Arabic Collections Online.</subfield></datafield><datafield ind1="0" ind2="8" tag="776"><subfield code="i">Print version:</subfield><subfield code="a">Musharrafah, &#699;At&#803;i&#772;yah Mus&#803;t&#803;afa&#769;.</subfield><subfield code="t">Nuz&#803;um al-h&#803;ukm bi-Mis&#803;r fi&#772; &#699;as&#803;r al-Fa&#772;t&#803;imi&#772;yi&#772;n (358-567 H. /968-1711 m.)</subfield><subfield code="w">(NNC)3072148</subfield><subfield code="w">(OCoLC)29298142</subfield></datafield><datafield ind1="4" ind2="0" tag="856"><subfield code="u">http://hdl.handle.net/2333.1/vq83bnk9</subfield></datafield><datafield ind1="1" ind2=" " tag="880"><subfield code="6">100-01/r</subfield><subfield code="a">&#1605;&#1588;&#1585;&#1601;&#1577;&#1548; &#1593;&#1591;&#1610;&#1577; &#1605;&#1589;&#1591;&#1601;&#1609;.</subfield></datafield><datafield ind1="1" ind2="0" tag="880"><subfield code="6">245-02/r</subfield><subfield code="a">&#1606;&#1592;&#1605; &#1575;&#1604;&#1581;&#1603;&#1605; &#1576;&#1605;&#1589;&#1585; &#1601;&#1610; &#1593;&#1589;&#1585; &#1575;&#1604;&#1601;&#1575;&#1591;&#1605;&#1610;&#1610;&#1606; (&#1635;&#1637;&#1640;-&#1637;&#1638;&#1639; &#1607;/&#1641;&#1638;&#1640;-&#1633;&#1639;&#1633;&#1633; &#1605;) /</subfield><subfield code="c">&#1578;&#1571;&#1604;&#1610;&#1601; &#1593;&#1591;&#1610;&#1577; &#1605;&#1589;&#1591;&#1601;&#1609; &#1605;&#1588;&#1585;&#1601;&#1577;.</subfield></datafield><datafield ind1=" " ind2=" " tag="880"><subfield code="6">250-03/r</subfield><subfield code="a">&#1575;&#1604;&#1591;&#1576;&#1593;&#1577; &#1633;.</subfield></datafield><datafield ind1=" " ind2=" " tag="880"><subfield code="6">260-04/r</subfield><subfield code="a">&#1605;&#1589;&#1585; :</subfield><subfield code="b">&#1583;&#1575;&#1585; &#1575;&#1604;&#1601;&#1603;&#1585; &#1575;&#1604;&#1593;&#1585;&#1576;&#1610;&#1548;</subfield><subfield code="c">[&#1633;&#1641;&#1636;&#1640;]</subfield></datafield><datafield ind1=" " ind2=" " tag="959"><subfield code="a">NNU</subfield><subfield code="b">WEB</subfield><subfield code="c">GENI</subfield><subfield code="t">0</subfield><subfield code="m">Electronic access</subfield><subfield code="s">01</subfield></datafield><datafield ind1=" " ind2=" " tag="999"><subfield code="i">NNC_3072148</subfield><subfield code="o">(OCoLC)ocm29298142 </subfield><subfield code="s">columbia_aco000448</subfield></datafield></record>